@unpublished{SGS170,
	author = {Landrat des Kantons Basel-Landschaft },
	title = { SGS 170 - Gesetz über die Organisation der Gerichte (Gerichtsorganisationsgesetz, GOG) },
	date = {2001-02-22},
	url = {https://bl.clex.ch/app/de/texts_of_law/170},
	keywords = {Gesetzestext},
}

@unpublished{SGS640,
	author = {Landrat des Kantons Basel-Landschaft },
	title = {SGS 640 - Bildungsgesetz},
	date = {2023-04-01},
	url = {https://bl.clex.ch/app/de/texts_of_law/640},
	keywords = {Gesetzestext},
}

@unpublished{SGS64071,
	author = {Regierungsrat des Kantons Basel-Landschaft },
	title = {SGS 640.71 - Verordnung über die Spezielle Förderung, die Sonderschulung und die heilpädagogische Früherziehung (Verordnung Sonderpädagogik, Vo SoPä)},
	date = {2022-08-01},
	url = {https://bl.clex.ch/app/de/texts_of_law/640.71},
	keywords = {Gesetzestext},
}


@unpublished{SGS64043,
	author = {Landrat des Kantons Basel-Landschaft },
	title = {SGS 640.43 - Verordnung über die Privatschulen und die private Schulung},
	date = {2018-06-26},
	url = {https://bl.clex.ch/app/de/texts_of_law/640.43},
	keywords = {Gesetzestext},
}



@unpublished{SGS175,
	author = {Landrat des Kantons Basel-Landschaft },
	title = {SGS 175 - Verwaltungsverfahrensgesetz Basel-Landschaft (VwVG BL)},
	date = {2020-09-10},
	url = {https://bl.clex.ch/app/de/texts_of_law/175},
	keywords = {Gesetzestext},
}

  
@unpublished{SGS100,
	author = {Das Baselbieter Volk},
	title = {SGS 100 - Verfassung des Kantons Basel-Landschaft},
	date = {2022-05-15},
	url = {https://bl.clex.ch/app/de/texts_of_law/100},
	keywords = {Gesetzestext},
}




@unpublished{SGS271,
	author = {Landrat des Kantons Basel-Landschaft },
	title = {SGS 271 - Gesetz über die Verfassungs- und Verwaltungsprozessordnung (Verwaltungsprozessordnung, VPO)},
	date = {2019-01-01},
	url = {https://bl.clex.ch/app/de/texts_of_law/271},
	keywords = {Gesetzestext},
}
